{
"Aceites":[
{
"name":"Aceite refinado de girasol Diasol botella 1 l",
"url":"https://www.dia.es/aceites-salsas-y-especias/aceites/p/101",
"Precio":[
{
"name":"1,49 €"
},
{
"name":"(1,49 €/LITRO)"
}
]
},
{
"name":"Aceite refinado de girasol Diasol garrafa 5 l",
"url":"https://www.dia.es/aceites-salsas-y-especias/aceites/p/49894",
"Precio":[
{
"name":"6,99 €"
},
{
"name":"(1,40 €/LITRO)"
}
]
},
{
"name":"Aceite de orujo de oliva La Almazara del Olivar de Dia botella 1 l",
"url":"https://www.dia.es/aceites-salsas-y-especias/aceites/p/12668",
"Precio":[
{
"name":"5,24 €"
},
{
"name":"(5,24 €/LITRO)"
}
]
},
{
"name":"Aceite de oliva virgen extra La Almazara del Olivar de Dia botella 1 l",
"url":"https://www.dia.es/aceites-salsas-y-especias/aceites/p/112529",
"Precio":[
{
"name":"9,90 €"
},
{
"name":"(9,90 €/LITRO)"
}
]
},
{
"name":"Aceite de oliva virgen extra La Almazara del Olivar de Dia garrafa 3 l",
"url":"https://www.dia.es/aceites-salsas-y-especias/aceites/p/266129",
"Precio":[
{
"name":"29,55 €"
},
{
"name":"(9,85 €/LITRO)"
}
]
},
{
"name":"Aceite de oliva suave La Almazara del Olivar de Dia botella 1 l",
"url":"https://www.dia.es/aceites-salsas-y-especias/aceites/p/104",
"Precio":[
{
"name":"8,99 €"
},
{
"name":"(8,99 €/LITRO)"
}
]
},
{
"name":"Aceite de oliva virgen La Almazara del Olivar de Dia botella 1 l",
"url":"https://www.dia.es/aceites-salsas-y-especias/aceites/p/216284",
"Precio":[
{
"name":"9,55 €"
},
{
"name":"(9,55 €/LITRO)"
}
]
},
{
"name":"Aceite de girasol Koipe botella 1 l",
"url":"https://www.dia.es/aceites-salsas-y-especias/aceites/p/193",
"Precio":[
{
"name":"2,59 €"
},
{
"name":"(2,59 €/LITRO)"
}
]
},
{
"name":"Aceite de oliva virgen extra La Almazara del Olivar de Dia botella 750 ml",
"url":"https://www.dia.es/aceites-salsas-y-especias/aceites/p/12360",
"Precio":[
{
"name":"8,49 €"
},
{
"name":"(11,32 €/LITRO)"
}
]
},
{
"name":"Aceite de oliva suave La Almazara del Olivar de Dia garrafa 5 l",
"url":"https://www.dia.es/aceites-salsas-y-especias/aceites/p/49895",
"Precio":[
{
"name":"42,99 €"
},
{
"name":"(8,60 €/LITRO)"
}
]
}
],
"Vinagre_y_alineos":[
{
"name":"Aceite refinado de girasol Diasol botella 1 l",
"url":"https://www.dia.es/aceites-salsas-y-especias/aceites/p/101",
"Precio":[
{
"name":"1,49 €"
},
{
"name":"(1,49 €/LITRO)"
}
]
},
{
"name":"Aceite refinado de girasol Diasol garrafa 5 l",
"url":"https://www.dia.es/aceites-salsas-y-especias/aceites/p/49894",
"Precio":[
{
"name":"6,99 €"
},
{
"name":"(1,40 €/LITRO)"
}
]
},
{
"name":"Aceite de orujo de oliva La Almazara del Olivar de Dia botella 1 l",
"url":"https://www.dia.es/aceites-salsas-y-especias/aceites/p/12668",
"Precio":[
{
"name":"5,24 €"
},
{
"name":"(5,24 €/LITRO)"
}
]
},
{
"name":"Aceite de oliva virgen extra La Almazara del Olivar de Dia botella 1 l",
"url":"https://www.dia.es/aceites-salsas-y-especias/aceites/p/112529",
"Precio":[
{
"name":"9,90 €"
},
{
"name":"(9,90 €/LITRO)"
}
]
},
{
"name":"Aceite de oliva virgen extra La Almazara del Olivar de Dia garrafa 3 l",
"url":"https://www.dia.es/aceites-salsas-y-especias/aceites/p/266129",
"Precio":[
{
"name":"29,55 €"
},
{
"name":"(9,85 €/LITRO)"
}
]
},
{
"name":"Aceite de oliva suave La Almazara del Olivar de Dia botella 1 l",
"url":"https://www.dia.es/aceites-salsas-y-especias/aceites/p/104",
"Precio":[
{
"name":"8,99 €"
},
{
"name":"(8,99 €/LITRO)"
}
]
},
{
"name":"Aceite de oliva virgen La Almazara del Olivar de Dia botella 1 l",
"url":"https://www.dia.es/aceites-salsas-y-especias/aceites/p/216284",
"Precio":[
{
"name":"9,55 €"
},
{
"name":"(9,55 €/LITRO)"
}
]
},
{
"name":"Aceite de girasol Koipe botella 1 l",
"url":"https://www.dia.es/aceites-salsas-y-especias/aceites/p/193",
"Precio":[
{
"name":"2,59 €"
},
{
"name":"(2,59 €/LITRO)"
}
]
},
{
"name":"Aceite de oliva virgen extra La Almazara del Olivar de Dia botella 750 ml",
"url":"https://www.dia.es/aceites-salsas-y-especias/aceites/p/12360",
"Precio":[
{
"name":"8,49 €"
},
{
"name":"(11,32 €/LITRO)"
}
]
},
{
"name":"Aceite de oliva suave La Almazara del Olivar de Dia garrafa 5 l",
"url":"https://www.dia.es/aceites-salsas-y-especias/aceites/p/49895",
"Precio":[
{
"name":"42,99 €"
},
{
"name":"(8,60 €/LITRO)"
}
]
}
],
"Sal_y_especies":[
{
"name":"Ajo en polvo Vegecampo de Dia frasco 85 g",
"url":"https://www.dia.es/aceites-salsas-y-especias/sal-y-especias/p/299121",
"Precio":[
{
"name":"0,85 €"
},
{
"name":"(10,00 €/KILO)"
}
]
},
{
"name":"Sal marina de mesa fina Dia paquete 1 Kg",
"url":"https://www.dia.es/aceites-salsas-y-especias/sal-y-especias/p/419",
"Precio":[
{
"name":"0,35 €"
},
{
"name":"(0,35 €/KILO)"
}
]
},
{
"name":"Sal marina yodada Dia paquete 1 Kg",
"url":"https://www.dia.es/aceites-salsas-y-especias/sal-y-especias/p/19518",
"Precio":[
{
"name":"0,35 €"
},
{
"name":"(0,35 €/KILO)"
}
]
},
{
"name":"Orégano Vegecampo de Dia frasco 15 g",
"url":"https://www.dia.es/aceites-salsas-y-especias/sal-y-especias/p/1293",
"Precio":[
{
"name":"0,65 €"
},
{
"name":"(43,33 €/KILO)"
}
]
},
{
"name":"Perejil Vegecampo de Dia frasco 13 g",
"url":"https://www.dia.es/aceites-salsas-y-especias/sal-y-especias/p/299136",
"Precio":[
{
"name":"0,65 €"
},
{
"name":"(50,00 €/KILO)"
}
]
},
{
"name":"Cebolla en polvo Vegecampo de Dia frasco 60 g",
"url":"https://www.dia.es/aceites-salsas-y-especias/sal-y-especias/p/299128",
"Precio":[
{
"name":"0,95 €"
},
{
"name":"(15,83 €/KILO)"
}
]
},
{
"name":"Hojas de laurel Dani bolsa 10 g",
"url":"https://www.dia.es/aceites-salsas-y-especias/sal-y-especias/p/38750",
"Precio":[
{
"name":"0,89 €"
},
{
"name":"(89,00 €/KILO)"
}
]
},
{
"name":"Pimienta negra Vegecampo de Dia frasco 65 g",
"url":"https://www.dia.es/aceites-salsas-y-especias/sal-y-especias/p/299147",
"Precio":[
{
"name":"0,95 €"
},
{
"name":"(14,62 €/KILO)"
}
]
},
{
"name":"Sal marina gruesa Dia paquete 1 Kg",
"url":"https://www.dia.es/aceites-salsas-y-especias/sal-y-especias/p/51835",
"Precio":[
{
"name":"0,35 €"
},
{
"name":"(0,35 €/KILO)"
}
]
},
{
"name":"Canela en rama Vegecampo de Dia frasco 20 g",
"url":"https://www.dia.es/aceites-salsas-y-especias/sal-y-especias/p/299125",
"Precio":[
{
"name":"1,35 €"
},
{
"name":"(67,50 €/KILO)"
}
]
}
],
"Agua":[
{
"name":"Agua mineral natural Dia botella 1.5 l",
"url":"https://www.dia.es/agua-refrescos-y-zumos/agua/p/26995",
"Precio":[
{
"name":"0,25 €"
},
{
"name":"(0,17 €/LITRO)"
}
]
},
{
"name":"Agua mineral natural Dia garrafa 5 l",
"url":"https://www.dia.es/agua-refrescos-y-zumos/agua/p/26996",
"Precio":[
{
"name":"0,65 €"
},
{
"name":"(0,13 €/LITRO)"
}
]
},
{
"name":"Agua mineral natural Bezoya botella 6 x 1.5 l",
"url":"https://www.dia.es/agua-refrescos-y-zumos/agua/p/44302P6",
"Precio":[
{
"name":"4,14 €"
},
{
"name":"(0,46 €/LITRO)"
}
]
},
{
"name":"Agua mineral con gas Dia botella 1.5 l",
"url":"https://www.dia.es/agua-refrescos-y-zumos/agua/p/99265",
"Precio":[
{
"name":"0,41 €"
},
{
"name":"(0,27 €/LITRO)"
}
]
},
{
"name":"Agua mineral natural Dia botella 50 cl",
"url":"https://www.dia.es/agua-refrescos-y-zumos/agua/p/37776",
"Precio":[
{
"name":"0,22 €"
},
{
"name":"(0,44 €/LITRO)"
}
]
},
{
"name":"Agua mineral natural Solán de Cabras botella 1.5 l",
"url":"https://www.dia.es/agua-refrescos-y-zumos/agua/p/56684",
"Precio":[
{
"name":"0,89 €"
},
{
"name":"(0,59 €/LITRO)"
}
]
},
{
"name":"Agua mineral natural Dia botella 33 cl",
"url":"https://www.dia.es/agua-refrescos-y-zumos/agua/p/50567",
"Precio":[
{
"name":"0,24 €"
},
{
"name":"(0,73 €/LITRO)"
}
]
},
{
"name":"Agua mineral natural Font Vella garrafa 6.25 l",
"url":"https://www.dia.es/agua-refrescos-y-zumos/agua/p/120230",
"Precio":[
{
"name":"2,29 €"
},
{
"name":"(0,37 €/LITRO)"
}
]
},
{
"name":"Agua mineral natural Aquarel botella 1.5 l",
"url":"https://www.dia.es/agua-refrescos-y-zumos/agua/p/38301",
"Precio":[
{
"name":"0,59 €"
},
{
"name":"(0,39 €/LITRO)"
}
]
},
{
"name":"Agua mineral natural Aquabona botella 1.5 l",
"url":"https://www.dia.es/agua-refrescos-y-zumos/agua/p/53267",
"Precio":[
{
"name":"0,64 €"
},
{
"name":"(0,43 €/LITRO)"
}
]
}
],
"Cocacola":[
{
"name":"Refresco de cola zero Coca-Cola botella 2 x 2 l",
"url":"https://www.dia.es/agua-refrescos-y-zumos/cola/p/82492",
"Precio":[
{
"name":"3,90 €"
},
{
"name":"(0,98 €/LITRO)"
}
]
},
{
"name":"Refresco de cola clásica Coca-Cola botella 2 x 2 l",
"url":"https://www.dia.es/agua-refrescos-y-zumos/cola/p/38406",
"Precio":[
{
"name":"3,90 €"
},
{
"name":"(0,98 €/LITRO)"
}
]
},
{
"name":"Refresco de cola zero Coca-Cola lata 12 x 33 cl",
"url":"https://www.dia.es/agua-refrescos-y-zumos/cola/p/79802",
"Precio":[
{
"name":"10,44 €"
},
{
"name":"(2,64 €/LITRO)"
}
]
},
{
"name":"Refresco de cola zero Hola Cola botella 2 l",
"url":"https://www.dia.es/agua-refrescos-y-zumos/cola/p/130617",
"Precio":[
{
"name":"0,70 €"
},
{
"name":"(0,35 €/LITRO)"
}
]
},
{
"name":"Refresco de cola clásica Coca-Cola lata 12 x 33 cl",
"url":"https://www.dia.es/agua-refrescos-y-zumos/cola/p/30319",
"Precio":[
{
"name":"10,44 €"
},
{
"name":"(2,64 €/LITRO)"
}
]
},
{
"name":"Refresco de cola zero Hola Cola de Dia lata 12 x 33 cl",
"url":"https://www.dia.es/agua-refrescos-y-zumos/cola/p/107157P12",
"Precio":[
{
"name":"3,84 €"
},
{
"name":"(0,97 €/LITRO)"
}
]
},
{
"name":"Refresco de cola zero sin cafeína Hola Cola de Dia botella 4 x 2 l",
"url":"https://www.dia.es/agua-refrescos-y-zumos/cola/p/222480P4",
"Precio":[
{
"name":"2,80 €"
},
{
"name":"(0,35 €/LITRO)"
}
]
},
{
"name":"Refresco de cola zero sin cafeína Hola Cola de Dia lata 6 x 33 cl",
"url":"https://www.dia.es/agua-refrescos-y-zumos/cola/p/222479P6",
"Precio":[
{
"name":"1,92 €"
},
{
"name":"(0,97 €/LITRO)"
}
]
},
{
"name":"Refresco de cola clásica Coca-Cola botella 2 l",
"url":"https://www.dia.es/agua-refrescos-y-zumos/cola/p/659",
"Precio":[
{
"name":"1,99 €"
},
{
"name":"(1,00 €/LITRO)"
}
]
},
{
"name":"Refresco de cola Hola Cola de Dia botella 4 x 2 l",
"url":"https://www.dia.es/agua-refrescos-y-zumos/cola/p/10065P4",
"Precio":[
{
"name":"3,20 €"
},
{
"name":"(0,40 €/LITRO)"
}
]
}
],
"Fanta_de_naranja":[
{
"name":"Refresco de naranja Fanta lata 9 x 33 cl",
"url":"https://www.dia.es/agua-refrescos-y-zumos/naranja/p/150102",
"Precio":[
{
"name":"6,57 €"
},
{
"name":"(2,21 €/LITRO)"
}
]
},
{
"name":"Refresco de naranja Fanta botella 2 x 2 l",
"url":"https://www.dia.es/agua-refrescos-y-zumos/naranja/p/66536",
"Precio":[
{
"name":"3,50 €"
},
{
"name":"(0,88 €/LITRO)"
}
]
},
{
"name":"Refresco de naranja zero Upss Dia botella 2 l",
"url":"https://www.dia.es/agua-refrescos-y-zumos/naranja/p/127634",
"Precio":[
{
"name":"0,95 €"
},
{
"name":"(0,48 €/LITRO)"
}
]
},
{
"name":"Refresco de naranja zero Fanta botella 2 l",
"url":"https://www.dia.es/agua-refrescos-y-zumos/naranja/p/103130",
"Precio":[
{
"name":"1,79 €"
},
{
"name":"(0,90 €/LITRO)"
}
]
},
{
"name":"Refresco de naranja zero Fanta lata 33 cl",
"url":"https://www.dia.es/agua-refrescos-y-zumos/naranja/p/13179",
"Precio":[
{
"name":"0,75 €"
},
{
"name":"(2,27 €/LITRO)"
}
]
},
{
"name":"Refresco de naranja Upss lata 33 cl",
"url":"https://www.dia.es/agua-refrescos-y-zumos/naranja/p/43867",
"Precio":[
{
"name":"0,35 €"
},
{
"name":"(1,06 €/LITRO)"
}
]
},
{
"name":"Refresco de naranja Upss Dia botella 2 l",
"url":"https://www.dia.es/agua-refrescos-y-zumos/naranja/p/35484",
"Precio":[
{
"name":"0,95 €"
},
{
"name":"(0,48 €/LITRO)"
}
]
},
{
"name":"Refresco de naranja sin gas Upss Dia botella 1.5 l",
"url":"https://www.dia.es/agua-refrescos-y-zumos/otras-bebidas/p/35488",
"Precio":[
{
"name":"1,05 €"
},
{
"name":"(0,70 €/LITRO)"
}
]
},
{
"name":"Refresco de naranja Fanta botella 2 l",
"url":"https://www.dia.es/agua-refrescos-y-zumos/naranja/p/685",
"Precio":[
{
"name":"1,79 €"
},
{
"name":"(0,90 €/LITRO)"
}
]
},
{
"name":"Refresco de naranja Fanta lata 33 cl",
"url":"https://www.dia.es/agua-refrescos-y-zumos/naranja/p/687",
"Precio":[
{
"name":"0,75 €"
},
{
"name":"11% dto."
},
{
"name":"0,66 €"
},
{
"name":"(2,00 €/LITRO)"
}
]
}
],
"Fanta_de_limon":[
{
"name":"Refresco de limón Fanta botella 2 l",
"url":"https://www.dia.es/agua-refrescos-y-zumos/limon-lima-limon/p/684",
"Precio":[
{
"name":"1,79 €"
},
{
"name":"(0,90 €/LITRO)"
}
]
},
{
"name":"Refresco de limón zero Fanta botella 2 l",
"url":"https://www.dia.es/agua-refrescos-y-zumos/limon-lima-limon/p/103131",
"Precio":[
{
"name":"1,79 €"
},
{
"name":"(0,90 €/LITRO)"
}
]
},
{
"name":"Refresco de limón zero Upss Dia botella 2 l",
"url":"https://www.dia.es/agua-refrescos-y-zumos/limon-lima-limon/p/127633",
"Precio":[
{
"name":"0,95 €"
},
{
"name":"(0,48 €/LITRO)"
}
]
},
{
"name":"Refresco de limón 6% zumo con gas Upss Dia botella 2 l",
"url":"https://www.dia.es/agua-refrescos-y-zumos/limon-lima-limon/p/82954",
"Precio":[
{
"name":"0,95 €"
},
{
"name":"(0,48 €/LITRO)"
}
]
},
{
"name":"Refresco de limón Upss Dia lata 33 cl",
"url":"https://www.dia.es/agua-refrescos-y-zumos/limon-lima-limon/p/43869",
"Precio":[
{
"name":"0,35 €"
},
{
"name":"(1,06 €/LITRO)"
}
]
},
{
"name":"Refresco de lima limón Upss Dia botella 2 l",
"url":"https://www.dia.es/agua-refrescos-y-zumos/limon-lima-limon/p/44314",
"Precio":[
{
"name":"0,95 €"
},
{
"name":"(0,48 €/LITRO)"
}
]
},
{
"name":"Refresco de limón zero Fanta lata 33 cl",
"url":"https://www.dia.es/agua-refrescos-y-zumos/limon-lima-limon/p/13185",
"Precio":[
{
"name":"0,75 €"
},
{
"name":"(2,27 €/LITRO)"
}
]
},
{
"name":"Refresco de limón Fanta lata 33 cl",
"url":"https://www.dia.es/agua-refrescos-y-zumos/limon-lima-limon/p/686",
"Precio":[
{
"name":"0,75 €"
},
{
"name":"11% dto."
},
{
"name":"0,66 €"
},
{
"name":"(2,00 €/LITRO)"
}
]
},
{
"name":"Refresco de limón sin gas Upss Dia botella 1.5 l",
"url":"https://www.dia.es/agua-refrescos-y-zumos/otras-bebidas/p/35487",
"Precio":[
{
"name":"1,05 €"
},
{
"name":"(0,70 €/LITRO)"
}
]
},
{
"name":"Refresco de lima limón Sprite lata 33 cl",
"url":"https://www.dia.es/agua-refrescos-y-zumos/limon-lima-limon/p/178275",
"Precio":[
{
"name":"0,59 €"
},
{
"name":"(1,79 €/LITRO)"
}
]
}
],
"Arroz":[
{
"name":"Arroz extra Arrozona de Dia bolsa 1 Kg",
"url":"https://www.dia.es/arroz-pastas-y-legumbres/arroz/p/151",
"Precio":[
{
"name":"1,27 €"
},
{
"name":"(1,27 €/KILO)"
}
]
},
{
"name":"Arroz largo de primera categoría Arrozona de Dia bolsa 1 Kg",
"url":"https://www.dia.es/arroz-pastas-y-legumbres/arroz/p/5873",
"Precio":[
{
"name":"1,35 €"
},
{
"name":"(1,35 €/KILO)"
}
]
},
{
"name":"Arroz basmati Selección Mundial de Dia paquete 1 Kg",
"url":"https://www.dia.es/arroz-pastas-y-legumbres/arroz/p/53397",
"Precio":[
{
"name":"2,44 €"
},
{
"name":"(2,44 €/KILO)"
}
]
},
{
"name":"Arroz bomba Arrozona de Dia paquete 1 Kg",
"url":"https://www.dia.es/arroz-pastas-y-legumbres/arroz/p/15883",
"Precio":[
{
"name":"4,90 €"
},
{
"name":"(4,90 €/KILO)"
}
]
},
{
"name":"Arroz redondo SOS paquete 1 Kg",
"url":"https://www.dia.es/arroz-pastas-y-legumbres/arroz/p/21415",
"Precio":[
{
"name":"1,80 €"
},
{
"name":"(1,80 €/KILO)"
}
]
},
{
"name":"Arroz redondo Al Punto Dia vaso 2 x 125 g",
"url":"https://www.dia.es/arroz-pastas-y-legumbres/arroz/p/250021",
"Precio":[
{
"name":"1,19 €"
},
{
"name":"(4,76 €/KILO)"
}
]
},
{
"name":"Arroz basmati Brillante vaso 2 x 125 g",
"url":"https://www.dia.es/arroz-pastas-y-legumbres/arroz/p/60069",
"Precio":[
{
"name":"1,34 €"
},
{
"name":"(5,36 €/KILO)"
}
]
},
{
"name":"Arroz vaporizado Arrozona de Dia bolsa 1 Kg",
"url":"https://www.dia.es/arroz-pastas-y-legumbres/arroz/p/28809",
"Precio":[
{
"name":"1,54 €"
},
{
"name":"(1,54 €/KILO)"
}
]
},
{
"name":"Arroz redondo Brillante paquete 1 Kg",
"url":"https://www.dia.es/arroz-pastas-y-legumbres/arroz/p/142599",
"Precio":[
{
"name":"2,68 €"
},
{
"name":"(2,68 €/KILO)"
}
]
},
{
"name":"Arroz integral Brillante vaso 2 x 125 g",
"url":"https://www.dia.es/arroz-pastas-y-legumbres/arroz/p/145913",
"Precio":[
{
"name":"1,25 €"
},
{
"name":"(5,00 €/KILO)"
}
]
}
],
"Pasta_y_fideos":[
{
"name":"Macarrón Al Diante Dia bolsa 1 Kg",
"url":"https://www.dia.es/arroz-pastas-y-legumbres/pastas/p/50973",
"Precio":[
{
"name":"1,30 €"
},
{
"name":"(1,30 €/KILO)"
}
]
},
{
"name":"Espagueti Al Diante Dia bolsa 1 Kg",
"url":"https://www.dia.es/arroz-pastas-y-legumbres/pastas/p/52208",
"Precio":[
{
"name":"1,30 €"
},
{
"name":"(1,30 €/KILO)"
}
]
},
{
"name":"Espirales tricolor Al Diante Dia bolsa 500 g",
"url":"https://www.dia.es/arroz-pastas-y-legumbres/pastas/p/33117",
"Precio":[
{
"name":"0,80 €"
},
{
"name":"(1,60 €/KILO)"
}
]
},
{
"name":"Pasta de tiburones Al Diante Dia bolsa 500 g",
"url":"https://www.dia.es/arroz-pastas-y-legumbres/pastas/p/1127",
"Precio":[
{
"name":"0,82 €"
},
{
"name":"(1,64 €/KILO)"
}
]
},
{
"name":"Tallarines Al Diante Dia bolsa 500 g",
"url":"https://www.dia.es/arroz-pastas-y-legumbres/pastas/p/74729",
"Precio":[
{
"name":"0,82 €"
},
{
"name":"(1,64 €/KILO)"
}
]
},
{
"name":"Fideo cabellín Al Diante Dia bolsa 500 g",
"url":"https://www.dia.es/arroz-pastas-y-legumbres/pastas/p/515",
"Precio":[
{
"name":"0,82 €"
},
{
"name":"(1,64 €/KILO)"
}
]
},
{
"name":"Macarrón Al Diante Dia bolsa 500 g",
"url":"https://www.dia.es/arroz-pastas-y-legumbres/pastas/p/518",
"Precio":[
{
"name":"0,82 €"
},
{
"name":"(1,64 €/KILO)"
}
]
},
{
"name":"Tortiglioni Selección Mundial de Dia bolsa 500 g",
"url":"https://www.dia.es/arroz-pastas-y-legumbres/pastas/p/275004",
"Precio":[
{
"name":"1,24 €"
},
{
"name":"(2,48 €/KILO)"
}
]
},
{
"name":"Ñoquis bolitas de patata Gallo bolsa 400 g",
"url":"https://www.dia.es/arroz-pastas-y-legumbres/pastas/p/150155",
"Precio":[
{
"name":"1,49 €"
},
{
"name":"(3,73 €/KILO)"
}
]
},
{
"name":"Macarrón integral Al Diante Dia bolsa 500 g",
"url":"https://www.dia.es/arroz-pastas-y-legumbres/pastas/p/277305",
"Precio":[
{
"name":"1,20 €"
},
{
"name":"(2,40 €/KILO)"
}
]
}
],
"Garbanzos":[
{
"name":"Garbanzos extra Vegecampo de Dia bolsa 1 Kg",
"url":"https://www.dia.es/arroz-pastas-y-legumbres/garbanzos/p/155",
"Precio":[
{
"name":"2,15 €"
},
{
"name":"(2,15 €/KILO)"
}
]
},
{
"name":"Garbanzo pedrosillano Vegecampo de Dia bolsa 1 Kg",
"url":"https://www.dia.es/arroz-pastas-y-legumbres/garbanzos/p/194830",
"Precio":[
{
"name":"1,95 €"
},
{
"name":"(1,95 €/KILO)"
}
]
},
{
"name":"Garbanzos cocidos extra Vegecampo de Dia frasco 400 g",
"url":"https://www.dia.es/arroz-pastas-y-legumbres/garbanzos/p/1232",
"Precio":[
{
"name":"0,85 €"
},
{
"name":"(2,13 €/KILO)"
}
]
},
{
"name":"Garbanzos cocidos extra Vegecampo de Dia frasco 210 g",
"url":"https://www.dia.es/arroz-pastas-y-legumbres/garbanzos/p/284017",
"Precio":[
{
"name":"0,70 €"
},
{
"name":"(3,33 €/KILO)"
}
]
},
{
"name":"Garbanzo cocido pedrosillano Vegecampo de Dia frasco 400 g",
"url":"https://www.dia.es/arroz-pastas-y-legumbres/garbanzos/p/268896",
"Precio":[
{
"name":"1,05 €"
},
{
"name":"(2,63 €/KILO)"
}
]
},
{
"name":"Hummus clásico Al Punto Dia tarrina 220 g",
"url":"https://www.dia.es/arroz-pastas-y-legumbres/garbanzos/p/278849",
"Precio":[
{
"name":"1,01 €"
},
{
"name":"(4,59 €/KILO)"
}
]
},
{
"name":"Garbanzos cocidos bajo contenido en sal Vegecampo de Dia frasco 400 g",
"url":"https://www.dia.es/arroz-pastas-y-legumbres/garbanzos/p/222740",
"Precio":[
{
"name":"0,99 €"
},
{
"name":"(2,48 €/KILO)"
}
]
},
{
"name":"Garbanzos cocidos Luengo frasco 400 g",
"url":"https://www.dia.es/arroz-pastas-y-legumbres/garbanzos/p/101720",
"Precio":[
{
"name":"1,30 €"
},
{
"name":"(3,25 €/KILO)"
}
]
},
{
"name":"Garbanzos Luengo bolsa 1 Kg",
"url":"https://www.dia.es/arroz-pastas-y-legumbres/garbanzos/p/73816",
"Precio":[
{
"name":"3,79 €"
},
{
"name":"(3,79 €/KILO)"
}
]
},
{
"name":"Garbanzos con verduras cocidas Luengo frasco 400 g",
"url":"https://www.dia.es/arroz-pastas-y-legumbres/garbanzos/p/189831",
"Precio":[
{
"name":"1,45 €"
},
{
"name":"(3,63 €/KILO)"
}
]
}
],
"Alubias":[
{
"name":"Alubias blancas Vegecampo de Dia bolsa 1 Kg",
"url":"https://www.dia.es/arroz-pastas-y-legumbres/alubias/p/154",
"Precio":[
{
"name":"2,00 €"
},
{
"name":"(2,00 €/KILO)"
}
]
},
{
"name":"Alubias pintas Vegecampo de Dia bolsa 1 Kg",
"url":"https://www.dia.es/arroz-pastas-y-legumbres/alubias/p/156",
"Precio":[
{
"name":"2,26 €"
},
{
"name":"(2,26 €/KILO)"
}
]
},
{
"name":"Alubia negra Vegecampo de Dia bolsa 500 g",
"url":"https://www.dia.es/arroz-pastas-y-legumbres/alubias/p/61318",
"Precio":[
{
"name":"1,20 €"
},
{
"name":"(2,40 €/KILO)"
}
]
},
{
"name":"Alubias blancas bajo contenido en sal Vegecampo de Dia frasco 400 g",
"url":"https://www.dia.es/arroz-pastas-y-legumbres/alubias/p/283986",
"Precio":[
{
"name":"0,95 €"
},
{
"name":"(2,38 €/KILO)"
}
]
},
{
"name":"Alubias rojas cocidas Vegecampo de Dia frasco 400 g",
"url":"https://www.dia.es/arroz-pastas-y-legumbres/alubias/p/210523",
"Precio":[
{
"name":"1,05 €"
},
{
"name":"(2,63 €/KILO)"
}
]
},
{
"name":"Alubias pintas cocidas Vegecampo de Dia frasco 400 g",
"url":"https://www.dia.es/arroz-pastas-y-legumbres/alubias/p/254987",
"Precio":[
{
"name":"1,10 €"
},
{
"name":"(2,75 €/KILO)"
}
]
},
{
"name":"Alubias blancas con verduras Vegecampo de Dia frasco 400 g",
"url":"https://www.dia.es/arroz-pastas-y-legumbres/alubias/p/50647",
"Precio":[
{
"name":"1,15 €"
},
{
"name":"(2,88 €/KILO)"
}
]
},
{
"name":"Alubias blancas extra Vegecampo de Dia frasco 210 g",
"url":"https://www.dia.es/arroz-pastas-y-legumbres/alubias/p/283985",
"Precio":[
{
"name":"0,70 €"
},
{
"name":"(3,33 €/KILO)"
}
]
},
{
"name":"Alubia cocida Luengo frasco 400 g",
"url":"https://www.dia.es/arroz-pastas-y-legumbres/alubias/p/119810",
"Precio":[
{
"name":"1,25 €"
},
{
"name":"(3,13 €/KILO)"
}
]
},
{
"name":"Alubias blancas cocidas Legumbres La Asturiana frasco 400 g",
"url":"https://www.dia.es/arroz-pastas-y-legumbres/alubias/p/53235",
"Precio":[
{
"name":"1,70 €"
},
{
"name":"(4,25 €/KILO)"
}
]
}
],
"Lentejas":[
{
"name":"Lentejas cocidas Vegecampo de Dia frasco 400 g",
"url":"https://www.dia.es/arroz-pastas-y-legumbres/lentejas/p/58809",
"Precio":[
{
"name":"0,85 €"
},
{
"name":"(2,13 €/KILO)"
}
]
},
{
"name":"Lenteja castellana Vegecampo de Dia bolsa 1 Kg",
"url":"https://www.dia.es/arroz-pastas-y-legumbres/lentejas/p/157",
"Precio":[
{
"name":"1,95 €"
},
{
"name":"(1,95 €/KILO)"
}
]
},
{
"name":"Lenteja roja Vegecampo de Dia bolsa 1 Kg",
"url":"https://www.dia.es/arroz-pastas-y-legumbres/lentejas/p/291145",
"Precio":[
{
"name":"1,89 €"
},
{
"name":"(1,89 €/KILO)"
}
]
},
{
"name":"Lenteja pardina Luengo bolsa 500 g",
"url":"https://www.dia.es/arroz-pastas-y-legumbres/lentejas/p/1878",
"Precio":[
{
"name":"1,95 €"
},
{
"name":"(3,90 €/KILO)"
}
]
},
{
"name":"Lenteja pardina Luengo bolsa 1 Kg",
"url":"https://www.dia.es/arroz-pastas-y-legumbres/lentejas/p/189343",
"Precio":[
{
"name":"3,79 €"
},
{
"name":"(3,79 €/KILO)"
}
]
},
{
"name":"Lentejas cocidas Vegecampo de Dia frasco 210 g",
"url":"https://www.dia.es/arroz-pastas-y-legumbres/lentejas/p/290920",
"Precio":[
{
"name":"0,75 €"
},
{
"name":"(3,57 €/KILO)"
}
]
},
{
"name":"Lenteja pardina Legumbres La Asturiana bolsa 500 g",
"url":"https://www.dia.es/arroz-pastas-y-legumbres/lentejas/p/50740",
"Precio":[
{
"name":"2,45 €"
},
{
"name":"(4,90 €/KILO)"
}
]
},
{
"name":"Lenteja roja pelada Luengo bolsa 400 g",
"url":"https://www.dia.es/arroz-pastas-y-legumbres/lentejas/p/300816",
"Precio":[
{
"name":"2,39 €"
},
{
"name":"(5,98 €/KILO)"
}
]
},
{
"name":"Lenteja pardina cocida Luengo frasco 400 g",
"url":"https://www.dia.es/arroz-pastas-y-legumbres/lentejas/p/282306",
"Precio":[
{
"name":"1,45 €"
},
{
"name":"(3,63 €/KILO)"
}
]
},
{
"name":"Lenteja pardina Legumbres La Asturiana bolsa 1 Kg",
"url":"https://www.dia.es/arroz-pastas-y-legumbres/lentejas/p/38252",
"Precio":[
{
"name":"4,75 €"
},
{
"name":"(4,75 €/KILO)"
}
]
}
],
"Azucar":[
{
"name":"Azúcar blanco Dia paquete 1 Kg",
"url":"https://www.dia.es/azucar-chocolates-y-caramelos/azucar-y-edulcorantes/p/81798",
"Precio":[
{
"name":"1,45 €"
},
{
"name":"(1,45 €/KILO)"
}
]
},
{
"name":"Azúcar blanco Azucarera paquete 1 Kg",
"url":"https://www.dia.es/azucar-chocolates-y-caramelos/azucar-y-edulcorantes/p/178",
"Precio":[
{
"name":"1,49 €"
},
{
"name":"(1,49 €/KILO)"
}
]
},
{
"name":"Edulcorante líquido Dia botella 200 ml",
"url":"https://www.dia.es/azucar-chocolates-y-caramelos/azucar-y-edulcorantes/p/198631",
"Precio":[
{
"name":"1,13 €"
},
{
"name":"(5,65 €/LITRO)"
}
]
},
{
"name":"Azúcar moreno de caña integral Azucarera brik 800 g",
"url":"https://www.dia.es/azucar-chocolates-y-caramelos/azucar-y-edulcorantes/p/42570",
"Precio":[
{
"name":"1,85 €"
},
{
"name":"(2,31 €/KILO)"
}
]
},
{
"name":"Azúcar moreno de caña integral Sidul bolsa 1 Kg",
"url":"https://www.dia.es/azucar-chocolates-y-caramelos/azucar-y-edulcorantes/p/298968",
"Precio":[
{
"name":"1,95 €"
},
{
"name":"(1,95 €/KILO)"
}
]
},
{
"name":"Edulcorante Dia bote 50 g",
"url":"https://www.dia.es/azucar-chocolates-y-caramelos/azucar-y-edulcorantes/p/108416",
"Precio":[
{
"name":"1,15 €"
},
{
"name":"(23,00 €/KILO)"
}
]
},
{
"name":"Panela azúcar moreno de caña integral Azucarera bolsa 500 g",
"url":"https://www.dia.es/azucar-chocolates-y-caramelos/azucar-y-edulcorantes/p/256649",
"Precio":[
{
"name":"1,99 €"
},
{
"name":"(3,98 €/KILO)"
}
]
},
{
"name":"Azúcar moreno en sobres Dia caja 300 g",
"url":"https://www.dia.es/azucar-chocolates-y-caramelos/azucar-y-edulcorantes/p/265466",
"Precio":[
{
"name":"1,29 €"
},
{
"name":"(4,30 €/KILO)"
}
]
},
{
"name":"Azúcar blanco en sobres Dia caja 300 g",
"url":"https://www.dia.es/azucar-chocolates-y-caramelos/azucar-y-edulcorantes/p/265464",
"Precio":[
{
"name":"1,15 €"
},
{
"name":"(3,83 €/KILO)"
}
]
},
{
"name":"Edulcorante Dia frasco 150 unidades",
"url":"https://www.dia.es/azucar-chocolates-y-caramelos/azucar-y-edulcorantes/p/210776",
"Precio":[
{
"name":"1,79 €"
},
{
"name":"(0,01 €/UNIDAD)"
}
]
}
],
"Cereales":[
{
"name":"Copos de avena Gran Dia caja 500 g",
"url":"https://www.dia.es/galletas-bollos-y-cereales/cereales/p/105429",
"Precio":[
{
"name":"1,00 €"
},
{
"name":"(2,00 €/KILO)"
}
]
},
{
"name":"Cereales rellenos de leche Gran Dia caja 500 g",
"url":"https://www.dia.es/galletas-bollos-y-cereales/cereales/p/111278",
"Precio":[
{
"name":"2,50 €"
},
{
"name":"(5,00 €/KILO)"
}
]
},
{
"name":"Muesli crujiente con chocolate Gran Dia caja 500 g",
"url":"https://www.dia.es/galletas-bollos-y-cereales/cereales/p/135900",
"Precio":[
{
"name":"2,10 €"
},
{
"name":"(4,20 €/KILO)"
}
]
},
{
"name":"Cereales copos de maíz corn flakes Gran Dia caja 500 g",
"url":"https://www.dia.es/galletas-bollos-y-cereales/cereales/p/66956",
"Precio":[
{
"name":"1,45 €"
},
{
"name":"(2,90 €/KILO)"
}
]
},
{
"name":"Cereales de pétalos de trigo y chocolate Gran Dia caja 500 g",
"url":"https://www.dia.es/galletas-bollos-y-cereales/cereales/p/74306",
"Precio":[
{
"name":"1,80 €"
},
{
"name":"(3,60 €/KILO)"
}
]
},
{
"name":"Cereales rellenos con chocolate y avena Gran Dia caja 500 g",
"url":"https://www.dia.es/galletas-bollos-y-cereales/cereales/p/37184",
"Precio":[
{
"name":"2,10 €"
},
{
"name":"(4,20 €/KILO)"
}
]
},
{
"name":"Cereales copos de trigo, arroz y cebada con chocolate negro Gran Dia caja 300 g",
"url":"https://www.dia.es/galletas-bollos-y-cereales/cereales/p/67929",
"Precio":[
{
"name":"1,88 €"
},
{
"name":"(6,27 €/KILO)"
}
]
},
{
"name":"Cereales de trigo inflado con miel Gran Dia caja 500 g",
"url":"https://www.dia.es/galletas-bollos-y-cereales/cereales/p/37190",
"Precio":[
{
"name":"1,95 €"
},
{
"name":"(3,90 €/KILO)"
}
]
},
{
"name":"Cereales integrales con chocolate Nestlé Chocapic caja 375 g",
"url":"https://www.dia.es/galletas-bollos-y-cereales/cereales/p/43106",
"Precio":[
{
"name":"3,19 €"
},
{
"name":"(8,51 €/KILO)"
}
]
},
{
"name":"Cereales copos de arroz y trigo integral cubiertos de chocolate Gran Dia caja 300 g",
"url":"https://www.dia.es/galletas-bollos-y-cereales/cereales/p/10545",
"Precio":[
{
"name":"1,88 €"
},
{
"name":"(6,27 €/KILO)"
}
]
}
],
"Galletas":[
{
"name":"Galletas rellenas de crema de chocolate Galleteca de Dia paquete 500 g",
"url":"https://www.dia.es/galletas-bollos-y-cereales/galletas/p/32812",
"Precio":[
{
"name":"1,20 €"
},
{
"name":"(2,40 €/KILO)"
}
]
},
{
"name":"Galletas dorada maría Galleteca de Dia paquete 800 g",
"url":"https://www.dia.es/galletas-bollos-y-cereales/galletas/p/149293",
"Precio":[
{
"name":"1,55 €"
},
{
"name":"(1,94 €/KILO)"
}
]
},
{
"name":"Galletas tostaditas Galleteca de Dia caja 600 g",
"url":"https://www.dia.es/galletas-bollos-y-cereales/galletas/p/206129",
"Precio":[
{
"name":"1,60 €"
},
{
"name":"(2,67 €/KILO)"
}
]
},
{
"name":"Galletas de cacao rellenas de crema Galleteca de Dia caja 220 g",
"url":"https://www.dia.es/galletas-bollos-y-cereales/galletas/p/220174",
"Precio":[
{
"name":"0,77 €"
},
{
"name":"(3,50 €/KILO)"
}
]
},
{
"name":"Galletas relieve Galleteca de Dia caja 735 g",
"url":"https://www.dia.es/galletas-bollos-y-cereales/galletas/p/12008",
"Precio":[
{
"name":"1,69 €"
},
{
"name":"(2,30 €/KILO)"
}
]
},
{
"name":"Galletas digestive con chocolate Galleteca de Dia paquete 300 g",
"url":"https://www.dia.es/galletas-bollos-y-cereales/galletas/p/10410",
"Precio":[
{
"name":"1,05 €"
},
{
"name":"(3,50 €/KILO)"
}
]
},
{
"name":"Galletas cubiertas de chocolate con leche Galleteca de Dia caja 150 g",
"url":"https://www.dia.es/galletas-bollos-y-cereales/galletas/p/220175",
"Precio":[
{
"name":"1,25 €"
},
{
"name":"(8,33 €/KILO)"
}
]
},
{
"name":"Roscos de galleta con chocolate blanco chocoaros Galleteca de Dia bolsa 128 g",
"url":"https://www.dia.es/galletas-bollos-y-cereales/galletas/p/13068",
"Precio":[
{
"name":"0,75 €"
},
{
"name":"(5,86 €/KILO)"
}
]
},
{
"name":"Mini galletas con pepitas de chocolate Galleteca de Dia caja 160 g",
"url":"https://www.dia.es/galletas-bollos-y-cereales/galletas/p/220178",
"Precio":[
{
"name":"1,30 €"
},
{
"name":"(8,13 €/KILO)"
}
]
},
{
"name":"Galletas de desayuno Cuétara Tostarica caja 570 g",
"url":"https://www.dia.es/galletas-bollos-y-cereales/galletas/p/148067",
"Precio":[
{
"name":"2,99 €"
},
{
"name":"(5,25 €/KILO)"
}
]
}
],
"Manzanas":[
{
"name":"Manzana golden bolsa 1 Kg",
"url":"https://www.dia.es/frutas/manzanas/p/171233",
"Precio":[
{
"name":"1,99 €"
},
{
"name":"(1,99 €/KILO)"
}
]
},
{
"name":"Manzana roja bolsa 1 Kg",
"url":"https://www.dia.es/frutas/manzanas/p/11466",
"Precio":[
{
"name":"2,19 €"
},
{
"name":"(2,19 €/KILO)"
}
]
},
{
"name":"Manzana pink lady bandeja 550 g",
"url":"https://www.dia.es/frutas/manzanas/p/159307",
"Precio":[
{
"name":"1,99 €"
},
{
"name":"(3,62 €/KILO)"
}
]
},
{
"name":"Manzana golden granel 1 Kg aprox.",
"url":"https://www.dia.es/frutas/manzanas/p/97",
"Precio":[
{
"name":"2,19 €"
},
{
"name":"(2,19 €/KILO)"
}
]
},
{
"name":"Manzana granny granel 800 g aprox.",
"url":"https://www.dia.es/frutas/manzanas/p/42085",
"Precio":[
{
"name":"1,75 €"
},
{
"name":"(2,19 €/KILO)"
}
]
},
{
"name":"Manzana roja selección granel 1 Kg aprox.",
"url":"https://www.dia.es/frutas/manzanas/p/69",
"Precio":[
{
"name":"2,69 €"
},
{
"name":"(2,69 €/KILO)"
}
]
},
{
"name":"Manzana fuji bolsa 1 Kg",
"url":"https://www.dia.es/frutas/manzanas/p/54268",
"Precio":[
{
"name":"2,29 €"
},
{
"name":"(2,29 €/KILO)"
}
]
}
],
"Platanos":[
{
"name":"Banana granel 500 g aprox.",
"url":"https://www.dia.es/frutas/platanos/p/42070",
"Precio":[
{
"name":"0,56 €"
},
{
"name":"(1,11 €/KILO)"
}
]
},
{
"name":"Plátano de canarias bolsa 1.2 Kg aprox.",
"url":"https://www.dia.es/frutas/platanos/p/11468",
"Precio":[
{
"name":"3,11 €"
},
{
"name":"(2,59 €/KILO)"
}
]
},
{
"name":"Plátano de Canarias El afortunado 900 g aprox.",
"url":"https://www.dia.es/frutas/platanos/p/142776",
"Precio":[
{
"name":"2,69 €"
},
{
"name":"(2,99 €/KILO)"
}
]
},
{
"name":"Plátano bio bolsa 1 Kg aprox.",
"url":"https://www.dia.es/frutas/platanos/p/170563",
"Precio":[
{
"name":"2,99 €"
},
{
"name":"(2,99 €/KILO)"
}
]
},
{
"name":"Banana bio bolsa 1 Kg aprox.",
"url":"https://www.dia.es/frutas/platanos/p/276299",
"Precio":[
{
"name":"2,49 €"
},
{
"name":"(2,49 €/KILO)"
}
]
}
],
"Peras":[
{
"name":"Pera conferencia bandeja 1 Kg",
"url":"https://www.dia.es/frutas/peras/p/64505",
"Precio":[
{
"name":"2,19 €"
},
{
"name":"(2,19 €/KILO)"
}
]
},
{
"name":"Pera ercolini bandeja 500 g",
"url":"https://www.dia.es/frutas/peras/p/278651",
"Precio":[
{
"name":"1,79 €"
},
{
"name":"(3,58 €/KILO)"
}
]
},
{
"name":"Pera Rincón de Soto D.O.P. granel 800 g aprox.",
"url":"https://www.dia.es/frutas/peras/p/32063",
"Precio":[
{
"name":"2,23 €"
},
{
"name":"(2,79 €/KILO)"
}
]
}
],
"Naranja_y_mandarina":[
{
"name":"Mandarina malla 1 Kg",
"url":"https://www.dia.es/frutas/naranjas-y-mandarinas/p/11464",
"Precio":[
{
"name":"1,49 €"
},
{
"name":"(1,49 €/KILO)"
}
]
},
{
"name":"Naranja especial para zumo malla 4 Kg",
"url":"https://www.dia.es/frutas/naranjas-y-mandarinas/p/13627",
"Precio":[
{
"name":"5,29 €"
},
{
"name":"(1,32 €/KILO)"
}
]
},
{
"name":"Mandarina selección bandeja 750 g",
"url":"https://www.dia.es/frutas/naranjas-y-mandarinas/p/257839",
"Precio":[
{
"name":"1,89 €"
},
{
"name":"(2,52 €/KILO)"
}
]
},
{
"name":"Naranjas de mesa malla 2 Kg",
"url":"https://www.dia.es/frutas/naranjas-y-mandarinas/p/11467",
"Precio":[
{
"name":"2,99 €"
},
{
"name":"(1,50 €/KILO)"
}
]
},
{
"name":"Mandarina granel 500 g aprox.",
"url":"https://www.dia.es/frutas/naranjas-y-mandarinas/p/84",
"Precio":[
{
"name":"1,15 €"
},
{
"name":"(2,29 €/KILO)"
}
]
},
{
"name":"Mandarina Torres Selección malla 750 g",
"url":"https://www.dia.es/frutas/naranjas-y-mandarinas/p/206952",
"Precio":[
{
"name":"2,49 €"
},
{
"name":"(3,32 €/KILO)"
}
]
},
{
"name":"Naranja selección granel 1 Kg aprox.",
"url":"https://www.dia.es/frutas/naranjas-y-mandarinas/p/175058",
"Precio":[
{
"name":"2,49 €"
},
{
"name":"(2,49 €/KILO)"
}
]
},
{
"name":"Zumo de naranja recién exprimido botella 1 l",
"url":"https://www.dia.es/frutas/naranjas-y-mandarinas/p/180348",
"Precio":[
{
"name":"4,79 €"
},
{
"name":"(4,79 €/LITRO)"
}
]
},
{
"name":"Zumo de naranja recién exprimido botella 500 ml",
"url":"https://www.dia.es/frutas/naranjas-y-mandarinas/p/176480",
"Precio":[
{
"name":"2,99 €"
},
{
"name":"(5,98 €/LITRO)"
}
]
},
{
"name":"Zumo de naranja recién exprimido botella 250 ml",
"url":"https://www.dia.es/frutas/naranjas-y-mandarinas/p/176479",
"Precio":[
{
"name":"1,99 €"
},
{
"name":"(7,96 €/LITRO)"
}
]
}
],
"Uvas":[
{
"name":"Uva blanca sin semilla bandeja 500 g",
"url":"https://www.dia.es/frutas/uvas/p/2672",
"Precio":[
{
"name":"2,99 €"
},
{
"name":"(5,98 €/KILO)"
}
]
},
{
"name":"Uva roja sin semilla bandeja 500 g",
"url":"https://www.dia.es/frutas/uvas/p/265910",
"Precio":[
{
"name":"2,99 €"
},
{
"name":"(5,98 €/KILO)"
}
]
}
],
"Limones":[
{
"name":"Limones malla 750 g",
"url":"https://www.dia.es/frutas/limones-y-pomelos/p/11463",
"Precio":[
{
"name":"1,29 €"
},
{
"name":"(1,72 €/KILO)"
}
]
},
{
"name":"Limón selección 1 unidad",
"url":"https://www.dia.es/frutas/limones-y-pomelos/p/302312",
"Precio":[
{
"name":"0,49 €"
},
{
"name":"(1,96 €/KILO)"
}
]
},
{
"name":"Limón bio malla 500 g",
"url":"https://www.dia.es/frutas/limones-y-pomelos/p/32375",
"Precio":[
{
"name":"0,99 €"
},
{
"name":"(1,98 €/KILO)"
}
]
}
],
"Frutas_de_bosque":[
{
"name":"Arándano vaso 170 g",
"url":"https://www.dia.es/frutas/frutas-del-bosque/p/190387",
"Precio":[
{
"name":"2,19 €"
},
{
"name":"(12,88 €/KILO)"
}
]
},
{
"name":"Frambuesas bandeja 125 g",
"url":"https://www.dia.es/frutas/frutas-del-bosque/p/133913",
"Precio":[
{
"name":"1,99 €"
},
{
"name":"(15,92 €/KILO)"
}
]
},
{
"name":"Arándano bandeja 300 g",
"url":"https://www.dia.es/frutas/frutas-del-bosque/p/285489",
"Precio":[
{
"name":"2,99 €"
},
{
"name":"(9,97 €/KILO)"
}
]
}
],
"Frutas_tropicales":[
{
"name":"Aguacate bandeja 450 g",
"url":"https://www.dia.es/frutas/frutas-tropicales/p/220373",
"Precio":[
{
"name":"1,69 €"
},
{
"name":"(3,76 €/KILO)"
}
]
},
{
"name":"Kiwi bandeja 700 g",
"url":"https://www.dia.es/frutas/frutas-tropicales/p/270541",
"Precio":[
{
"name":"2,29 €"
},
{
"name":"(3,27 €/KILO)"
}
]
},
{
"name":"Mango bandeja 650 g",
"url":"https://www.dia.es/frutas/frutas-tropicales/p/166057",
"Precio":[
{
"name":"2,59 €"
},
{
"name":"(3,98 €/KILO)"
}
]
},
{
"name":"Guacamole Al Punto Dia tarrina 200 g",
"url":"https://www.dia.es/frutas/frutas-tropicales/p/289182",
"Precio":[
{
"name":"1,69 €"
},
{
"name":"(8,45 €/KILO)"
}
]
},
{
"name":"Aguacate granel 750 g aprox.",
"url":"https://www.dia.es/frutas/frutas-tropicales/p/42069",
"Precio":[
{
"name":"3,74 €"
},
{
"name":"(4,99 €/KILO)"
}
]
},
{
"name":"Kiwi Zespri bandeja 500 g",
"url":"https://www.dia.es/frutas/frutas-tropicales/p/17968",
"Precio":[
{
"name":"2,99 €"
},
{
"name":"(5,98 €/KILO)"
}
]
},
{
"name":"Coco troceado bio bolsa 56 g",
"url":"https://www.dia.es/frutas/frutas-tropicales/p/280342",
"Precio":[
{
"name":"0,95 €"
},
{
"name":"(16,96 €/KILO)"
}
]
},
{
"name":"Kiwi selección 1 unidad",
"url":"https://www.dia.es/frutas/frutas-tropicales/p/230396",
"Precio":[
{
"name":"0,55 €"
},
{
"name":"(0,55 €/UNIDAD)"
}
]
},
{
"name":"Aguacate bio bandeja 400 g",
"url":"https://www.dia.es/frutas/frutas-tropicales/p/245089",
"Precio":[
{
"name":"2,79 €"
},
{
"name":"(6,98 €/KILO)"
}
]
},
{
"name":"Guacamole Al Punto Dia tarrina 400 g",
"url":"https://www.dia.es/frutas/frutas-tropicales/p/289183",
"Precio":[
{
"name":"2,95 €"
},
{
"name":"(7,38 €/KILO)"
}
]
}
],
"Ajos_cebollas_y_puerros":[
{
"name":"Cebolla malla 750 g",
"url":"https://www.dia.es/verduras/ajos-cebollas-y-puerros/p/191535",
"Precio":[
{
"name":"1,79 €"
},
{
"name":"(2,39 €/KILO)"
}
]
},
{
"name":"Ajos malla 250 g",
"url":"https://www.dia.es/verduras/ajos-cebollas-y-puerros/p/17653",
"Precio":[
{
"name":"1,69 €"
},
{
"name":"(6,76 €/KILO)"
}
]
},
{
"name":"Cebolla malla 1.5 Kg",
"url":"https://www.dia.es/verduras/ajos-cebollas-y-puerros/p/193474",
"Precio":[
{
"name":"1,99 €"
},
{
"name":"(1,33 €/KILO)"
}
]
},
{
"name":"Puerro 250 g",
"url":"https://www.dia.es/verduras/ajos-cebollas-y-puerros/p/273369",
"Precio":[
{
"name":"0,65 €"
},
{
"name":"(2,60 €/KILO)"
}
]
},
{
"name":"Puerros bandeja 500 g",
"url":"https://www.dia.es/verduras/ajos-cebollas-y-puerros/p/17230",
"Precio":[
{
"name":"2,39 €"
},
{
"name":"(4,78 €/KILO)"
}
]
},
{
"name":"Cebolla morada malla 500 g",
"url":"https://www.dia.es/verduras/ajos-cebollas-y-puerros/p/57885",
"Precio":[
{
"name":"1,49 €"
},
{
"name":"(2,98 €/KILO)"
}
]
},
{
"name":"Cebolla dulce granel 1 Kg aprox.",
"url":"https://www.dia.es/verduras/ajos-cebollas-y-puerros/p/45862",
"Precio":[
{
"name":"2,49 €"
},
{
"name":"(2,49 €/KILO)"
}
]
},
{
"name":"Cebolla dulce malla 1 Kg",
"url":"https://www.dia.es/verduras/ajos-cebollas-y-puerros/p/132920",
"Precio":[
{
"name":"2,49 €"
},
{
"name":"(2,49 €/KILO)"
}
]
},
{
"name":"Ajo morado malla 400 g",
"url":"https://www.dia.es/verduras/ajos-cebollas-y-puerros/p/171596",
"Precio":[
{
"name":"2,19 €"
},
{
"name":"(5,48 €/KILO)"
}
]
},
{
"name":"Ajo unidad aprox. 60 g",
"url":"https://www.dia.es/verduras/ajos-cebollas-y-puerros/p/20280",
"Precio":[
{
"name":"0,49 €"
},
{
"name":"(8,17 €/KILO)"
}
]
}
],
"Tomates_pimientos_y_pepinos":[
{
"name":"Tomate en rama granel 500 g aprox.",
"url":"https://www.dia.es/verduras/tomates-pimientos-y-pepinos/p/109",
"Precio":[
{
"name":"1,00 €"
},
{
"name":"(1,99 €/KILO)"
}
]
},
{
"name":"Pimiento verde granel 300 g aprox.",
"url":"https://www.dia.es/verduras/tomates-pimientos-y-pepinos/p/116",
"Precio":[
{
"name":"0,81 €"
},
{
"name":"(2,69 €/KILO)"
}
]
},
{
"name":"Pimiento rojo unidad aprox. 390 g aprox.",
"url":"https://www.dia.es/verduras/tomates-pimientos-y-pepinos/p/74",
"Precio":[
{
"name":"1,05 €"
},
{
"name":"(2,69 €/KILO)"
}
]
},
{
"name":"Pimientos tricolor bolsa 500 g",
"url":"https://www.dia.es/verduras/tomates-pimientos-y-pepinos/p/102283",
"Precio":[
{
"name":"1,99 €"
},
{
"name":"(3,98 €/KILO)"
}
]
},
{
"name":"Tomate cherry bandeja 400 g",
"url":"https://www.dia.es/verduras/tomates-pimientos-y-pepinos/p/146690",
"Precio":[
{
"name":"1,49 €"
},
{
"name":"(3,73 €/KILO)"
}
]
},
{
"name":"Pepino granel 1 Kg aprox.",
"url":"https://www.dia.es/verduras/tomates-pimientos-y-pepinos/p/272355",
"Precio":[
{
"name":"1,99 €"
},
{
"name":"(1,99 €/KILO)"
}
]
},
{
"name":"Tomate ensalada granel 500 g aprox.",
"url":"https://www.dia.es/verduras/tomates-pimientos-y-pepinos/p/110",
"Precio":[
{
"name":"0,80 €"
},
{
"name":"(1,59 €/KILO)"
}
]
},
{
"name":"Tomate pera granel 500 g aprox.",
"url":"https://www.dia.es/verduras/tomates-pimientos-y-pepinos/p/45863",
"Precio":[
{
"name":"1,00 €"
},
{
"name":"(1,99 €/KILO)"
}
]
},
{
"name":"Tomate canario malla 750 g",
"url":"https://www.dia.es/verduras/tomates-pimientos-y-pepinos/p/272686",
"Precio":[
{
"name":"1,59 €"
},
{
"name":"(2,12 €/KILO)"
}
]
},
{
"name":"Tomate cherry pera bandeja 250 g",
"url":"https://www.dia.es/verduras/tomates-pimientos-y-pepinos/p/161628",
"Precio":[
{
"name":"0,99 €"
},
{
"name":"(3,96 €/KILO)"
}
]
}
],
"Calabacin_calabaza_y_berenjena":[
{
"name":"Calabacín unidad aprox. 475 g",
"url":"https://www.dia.es/verduras/calabacin-calabaza-y-berenjena/p/93",
"Precio":[
{
"name":"0,90 €"
},
{
"name":"(1,89 €/KILO)"
}
]
},
{
"name":"Berenjena granel 800 g aprox.",
"url":"https://www.dia.es/verduras/calabacin-calabaza-y-berenjena/p/42071",
"Precio":[
{
"name":"1,51 €"
},
{
"name":"(1,89 €/KILO)"
}
]
},
{
"name":"Calabaza a dados bolsa 500 g",
"url":"https://www.dia.es/verduras/calabacin-calabaza-y-berenjena/p/278899",
"Precio":[
{
"name":"1,89 €"
},
{
"name":"(3,78 €/KILO)"
}
]
},
{
"name":"Calabaza unidad aprox. 1.6 Kg",
"url":"https://www.dia.es/verduras/calabacin-calabaza-y-berenjena/p/75926",
"Precio":[
{
"name":"3,02 €"
},
{
"name":"(1,89 €/KILO)"
}
]
},
{
"name":"Calabacín bio 500 g",
"url":"https://www.dia.es/verduras/calabacin-calabaza-y-berenjena/p/190696",
"Precio":[
{
"name":"1,29 €"
},
{
"name":"(2,58 €/KILO)"
}
]
}
],
"Judias_brocolis_y_coliflores":[
{
"name":"Brócoli bolsa 500 g",
"url":"https://www.dia.es/verduras/judias-brocolis-y-coliflores/p/20002",
"Precio":[
{
"name":"1,39 €"
},
{
"name":"(2,78 €/KILO)"
}
]
},
{
"name":"Judía verde bolsa 500 g",
"url":"https://www.dia.es/verduras/judias-brocolis-y-coliflores/p/11416",
"Precio":[
{
"name":"1,99 €"
},
{
"name":"(3,98 €/KILO)"
}
]
},
{
"name":"Coliflor unidad aprox. 2 Kg aprox.",
"url":"https://www.dia.es/verduras/judias-brocolis-y-coliflores/p/278856",
"Precio":[
{
"name":"3,98 €"
},
{
"name":"(1,99 €/KILO)"
}
]
},
{
"name":"Repollo liso unidad aprox. 2 Kg aprox.",
"url":"https://www.dia.es/verduras/judias-brocolis-y-coliflores/p/50664",
"Precio":[
{
"name":"2,78 €"
},
{
"name":"(1,39 €/KILO)"
}
]
}
],
"Lechuga_escarolas_y_envidias":[
{
"name":"Lechuga iceberg 1 unidad",
"url":"https://www.dia.es/verduras/lechuga-escarolas-y-endivias/p/11462",
"Precio":[
{
"name":"0,99 €"
},
{
"name":"(0,99 €/UNIDAD)"
}
]
},
{
"name":"Cogollos bandeja 3 unidades",
"url":"https://www.dia.es/verduras/lechuga-escarolas-y-endivias/p/11461",
"Precio":[
{
"name":"1,25 €"
},
{
"name":"(0,42 €/UNIDAD)"
}
]
},
{
"name":"Corazones de lechuga romana bandeja 2 unidades",
"url":"https://www.dia.es/verduras/lechuga-escarolas-y-endivias/p/59836",
"Precio":[
{
"name":"1,69 €"
},
{
"name":"(0,85 €/UNIDAD)"
}
]
},
{
"name":"Corazones de cogollos bandeja 6 unidades",
"url":"https://www.dia.es/verduras/lechuga-escarolas-y-endivias/p/25904",
"Precio":[
{
"name":"1,99 €"
},
{
"name":"(0,33 €/UNIDAD)"
}
]
},
{
"name":"Endivias bandeja 350 g",
"url":"https://www.dia.es/verduras/lechuga-escarolas-y-endivias/p/182881",
"Precio":[
{
"name":"1,29 €"
},
{
"name":"(3,69 €/KILO)"
}
]
}
],
"Patatas_y_zanahoria":[
{
"name":"Zanahoria bolsa 1 Kg",
"url":"https://www.dia.es/verduras/patatas-y-zanahorias/p/11421",
"Precio":[
{
"name":"1,19 €"
},
{
"name":"(1,19 €/KILO)"
}
]
},
{
"name":"Patata malla 4 Kg",
"url":"https://www.dia.es/verduras/patatas-y-zanahorias/p/296356",
"Precio":[
{
"name":"5,49 €"
},
{
"name":"(1,37 €/KILO)"
}
]
},
{
"name":"Patatas granel 1 Kg aprox.",
"url":"https://www.dia.es/verduras/patatas-y-zanahorias/p/5631",
"Precio":[
{
"name":"1,99 €"
},
{
"name":"(1,99 €/KILO)"
}
]
},
{
"name":"Patata cocer malla 2 Kg",
"url":"https://www.dia.es/verduras/patatas-y-zanahorias/p/296355",
"Precio":[
{
"name":"2,99 €"
},
{
"name":"(1,50 €/KILO)"
}
]
},
{
"name":"Patata de guarnición malla 1 Kg",
"url":"https://www.dia.es/verduras/patatas-y-zanahorias/p/20298",
"Precio":[
{
"name":"1,49 €"
},
{
"name":"(1,49 €/KILO)"
}
]
},
{
"name":"Patata nueva malla 1.5 Kg",
"url":"https://www.dia.es/verduras/patatas-y-zanahorias/p/302117",
"Precio":[
{
"name":"2,89 €"
},
{
"name":"(1,93 €/KILO)"
}
]
},
{
"name":"Patata especial para freir malla 2 Kg",
"url":"https://www.dia.es/verduras/patatas-y-zanahorias/p/248458",
"Precio":[
{
"name":"3,75 €"
},
{
"name":"(1,88 €/KILO)"
}
]
}
],
"Setas_y_champinones":[
{
"name":"Champiñón entero bandeja 250 g",
"url":"https://www.dia.es/verduras/setas-y-champinones/p/271527",
"Precio":[
{
"name":"0,99 €"
},
{
"name":"(3,96 €/KILO)"
}
]
},
{
"name":"Champiñón laminado bandeja 250 g",
"url":"https://www.dia.es/verduras/setas-y-champinones/p/25857",
"Precio":[
{
"name":"1,59 €"
},
{
"name":"(6,36 €/KILO)"
}
]
},
{
"name":"Seta ostra bandeja 200 g",
"url":"https://www.dia.es/verduras/setas-y-champinones/p/13337",
"Precio":[
{
"name":"1,39 €"
},
{
"name":"(6,95 €/KILO)"
}
]
},
{
"name":"Champiñón portobello bandeja 250 g",
"url":"https://www.dia.es/verduras/setas-y-champinones/p/190874",
"Precio":[
{
"name":"1,69 €"
},
{
"name":"(6,76 €/KILO)"
}
]
},
{
"name":"Champiñón grande bandeja 430 g",
"url":"https://www.dia.es/verduras/setas-y-champinones/p/273421",
"Precio":[
{
"name":"2,25 €"
},
{
"name":"(5,23 €/KILO)"
}
]
}
],
"Otras_verduras":[
{
"name":"Espárrago verde fino manojo aprox. 250 g",
"url":"https://www.dia.es/verduras/otras-verduras/p/181571",
"Precio":[
{
"name":"1,99 €"
},
{
"name":"(7,96 €/KILO)"
}
]
},
{
"name":"Apio bolsa 500 g",
"url":"https://www.dia.es/verduras/otras-verduras/p/21242",
"Precio":[
{
"name":"0,99 €"
},
{
"name":"(1,98 €/KILO)"
}
]
},
{
"name":"Perejil manojo 50 g",
"url":"https://www.dia.es/verduras/otras-verduras/p/191539",
"Precio":[
{
"name":"0,99 €"
},
{
"name":"(19,80 €/KILO)"
}
]
},
{
"name":"Cilantro bandeja 20 g",
"url":"https://www.dia.es/verduras/otras-verduras/p/233088",
"Precio":[
{
"name":"1,19 €"
},
{
"name":"(59,50 €/KILO)"
}
]
},
{
"name":"Espárrago verde grueso manojo aprox. 250 g",
"url":"https://www.dia.es/verduras/otras-verduras/p/165430",
"Precio":[
{
"name":"2,49 €"
},
{
"name":"(9,96 €/KILO)"
}
]
},
{
"name":"Rabanito Sun&Vegs bolsa 250 g",
"url":"https://www.dia.es/verduras/otras-verduras/p/284862",
"Precio":[
{
"name":"0,99 €"
},
{
"name":"(3,96 €/KILO)"
}
]
},
{
"name":"Jengibre bio bandeja 200 g",
"url":"https://www.dia.es/verduras/otras-verduras/p/256382",
"Precio":[
{
"name":"1,79 €"
},
{
"name":"(8,95 €/KILO)"
}
]
},
{
"name":"Hierbabuena Sun&Vegs bolsa 70 g",
"url":"https://www.dia.es/verduras/otras-verduras/p/275734",
"Precio":[
{
"name":"1,19 €"
},
{
"name":"(17,00 €/KILO)"
}
]
},
{
"name":"Repollo rizado unidad aprox. 1 Kg",
"url":"https://www.dia.es/verduras/otras-verduras/p/42075",
"Precio":[
{
"name":"1,49 €"
},
{
"name":"(1,49 €/KILO)"
}
]
},
{
"name":"Lombarda bolsa 2 Kg aprox.",
"url":"https://www.dia.es/verduras/otras-verduras/p/50666",
"Precio":[
{
"name":"2,98 €"
},
{
"name":"(1,49 €/KILO)"
}
]
}
],
"Huevos":[
{
"name":"Huevos frescos categoría A clase L Huevos Garrido caja 12 unidades",
"url":"https://www.dia.es/leche-huevos-y-mantequilla/huevos/p/167072",
"Precio":[
{
"name":"2,26 €"
},
{
"name":"(2,26 €/DOCENA)"
}
]
},
{
"name":"Huevos frescos categoría A clase M Huevos Garrido caja 12 unidades",
"url":"https://www.dia.es/leche-huevos-y-mantequilla/huevos/p/166363",
"Precio":[
{
"name":"2,02 €"
},
{
"name":"(2,02 €/DOCENA)"
}
]
},
{
"name":"Huevos frescos categoría A clase XL Huevos Garrido caja 6 unidades",
"url":"https://www.dia.es/leche-huevos-y-mantequilla/huevos/p/216464",
"Precio":[
{
"name":"1,69 €"
},
{
"name":"(3,38 €/DOCENA)"
}
]
},
{
"name":"Huevos frescos categoría A clase M Huevos Garrido caja 24 unidades",
"url":"https://www.dia.es/leche-huevos-y-mantequilla/huevos/p/198722",
"Precio":[
{
"name":"3,80 €"
},
{
"name":"(1,90 €/DOCENA)"
}
]
},
{
"name":"Huevos frescos categoría A clase L Dia bandeja 12 unidades",
"url":"https://www.dia.es/leche-huevos-y-mantequilla/huevos/p/14635",
"Precio":[
{
"name":"2,26 €"
},
{
"name":"(2,26 €/DOCENA)"
}
]
},
{
"name":"Huevos frescos categoría A clase M La receta bandeja 24 unidades",
"url":"https://www.dia.es/leche-huevos-y-mantequilla/huevos/p/274009",
"Precio":[
{
"name":"3,80 €"
},
{
"name":"(1,90 €/DOCENA)"
}
]
},
{
"name":"Huevos frescos categoría A clase M Dia bandeja 12 unidades",
"url":"https://www.dia.es/leche-huevos-y-mantequilla/huevos/p/14636",
"Precio":[
{
"name":"2,02 €"
},
{
"name":"(2,02 €/DOCENA)"
}
]
},
{
"name":"Huevos camperos categoría A clase M/L Dia bandeja 10 unidades",
"url":"https://www.dia.es/leche-huevos-y-mantequilla/huevos/p/274540",
"Precio":[
{
"name":"2,49 €"
},
{
"name":"(2,99 €/DOCENA)"
}
]
},
{
"name":"Huevos frescos de gallinas criadas en suelo categoría A clase M/L Dia bandeja 12 unidades",
"url":"https://www.dia.es/leche-huevos-y-mantequilla/huevos/p/274011",
"Precio":[
{
"name":"2,45 €"
},
{
"name":"(2,45 €/DOCENA)"
}
]
},
{
"name":"Huevos frescos categoría A clase XL Dia bandeja 6 unidades",
"url":"https://www.dia.es/leche-huevos-y-mantequilla/huevos/p/47459",
"Precio":[
{
"name":"1,69 €"
},
{
"name":"(3,38 €/DOCENA)"
}
]
}
],
"Leche":[
{
"name":"Leche semidesnatada Dia Láctea brik 6 x 1 l",
"url":"https://www.dia.es/leche-huevos-y-mantequilla/leche/p/504P6",
"Precio":[
{
"name":"4,98 €"
},
{
"name":"(0,83 €/LITRO)"
}
]
},
{
"name":"Leche entera Dia Láctea brik 6 x 1 l",
"url":"https://www.dia.es/leche-huevos-y-mantequilla/leche/p/608P6",
"Precio":[
{
"name":"5,46 €"
},
{
"name":"(0,91 €/LITRO)"
}
]
},
{
"name":"Leche semidesnatada sin lactosa Dia Láctea brik 6 x 1 l",
"url":"https://www.dia.es/leche-huevos-y-mantequilla/leche/p/130063P6",
"Precio":[
{
"name":"5,46 €"
},
{
"name":"(0,91 €/LITRO)"
}
]
},
{
"name":"Leche desnatada Dia Láctea brik 6 x 1 l",
"url":"https://www.dia.es/leche-huevos-y-mantequilla/leche/p/607P6",
"Precio":[
{
"name":"4,80 €"
},
{
"name":"(0,80 €/LITRO)"
}
]
},
{
"name":"Leche semidesnatada Dia Láctea brik 1 l",
"url":"https://www.dia.es/leche-huevos-y-mantequilla/leche/p/504",
"Precio":[
{
"name":"0,83 €"
},
{
"name":"(0,83 €/LITRO)"
}
]
},
{
"name":"Leche semidesnatada Central Lechera Asturiana brik 6 x 1 l",
"url":"https://www.dia.es/leche-huevos-y-mantequilla/leche/p/17548P6",
"Precio":[
{
"name":"6,84 €"
},
{
"name":"(1,14 €/LITRO)"
}
]
},
{
"name":"Leche desnatada sin lactosa Dia Láctea brik 6 x 1 l",
"url":"https://www.dia.es/leche-huevos-y-mantequilla/leche/p/185450P6",
"Precio":[
{
"name":"5,28 €"
},
{
"name":"(0,88 €/LITRO)"
}
]
},
{
"name":"Leche entera Central Lechera Asturiana brik 6 x 1 l",
"url":"https://www.dia.es/leche-huevos-y-mantequilla/leche/p/16065P6",
"Precio":[
{
"name":"6,84 €"
},
{
"name":"(1,14 €/LITRO)"
}
]
},
{
"name":"Leche entera Dia Láctea brik 1 l",
"url":"https://www.dia.es/leche-huevos-y-mantequilla/leche/p/608",
"Precio":[
{
"name":"0,91 €"
},
{
"name":"(0,91 €/LITRO)"
}
]
},
{
"name":"Leche semidesnatada sin lactosa Dia Láctea brik 1 l",
"url":"https://www.dia.es/leche-huevos-y-mantequilla/leche/p/130063",
"Precio":[
{
"name":"0,91 €"
},
{
"name":"(0,91 €/LITRO)"
}
]
}
]
}




